% This file was created with Citavi 6.1.0.0

@online{BenjaminBuch.,
 author = {{Benjamin Buch}},
 title = {C++ Programmierung},
 url = {\url{https://upload.wikimedia.org/wikibooks/de/archive/5/59/20120702072116%21Cplusplus.pdf}},
 urldate = {2018-09-04},
 abstract = {},
 pagetotal = {257},
 howpublished   = {\url{https://upload.wikimedia.org/wikibooks/de/archive/5/59/20120702072116%21Cplusplus.pdf}},
 file = {d7716119-57c5-4c71-8fb7-44697c15a351:C\:\\Users\\Henry\\AppData\\Local\\Swiss Academic Software\\Citavi 6\\ProjectCache\\vqimfbgtu8lw1x2dqjm3socu4hwi75un41t0ijic31btxas\\Citavi Attachments\\d7716119-57c5-4c71-8fb7-44697c15a351.pdf:pdf},
 note = {[Online, Stand 08. August 2018]}
}


@online{Dr.MatthiasGrabert.,
 author = {{Dr. Matthias Grabert}},
 title = {Objektorientierte Softwareentwicklung mit C++},
 url = {\url{http://www.mathematik.uni-ulm.de/sai/ws01/cpp/komplett.pdf}},
 urldate = {2018-08-08},
 abstract = {},
 pagetotal = {105},
 howpublished   = {\url{http://www.mathematik.uni-ulm.de/sai/ws01/cpp/komplett.pdf}},
 file = {a922fd70-8e36-4670-8e6e-d762eead940f:C\:\\Users\\Henry\\AppData\\Local\\Swiss Academic Software\\Citavi 6\\ProjectCache\\vqimfbgtu8lw1x2dqjm3socu4hwi75un41t0ijic31btxas\\Citavi Attachments\\a922fd70-8e36-4670-8e6e-d762eead940f.pdf:pdf},
 note = {[Online, Stand 08. August 2018]}
}


@book{HelmutErlenkotter.,
 author = {{Helmut Erlenk{\"o}tter}},
 title = {C++ Objektorientiertes Programmieren von Anfang an},
 urldate = {2016-03-01},
 edition = {17.},
 isbn = {978-3-499-60077-7},
 abstract = {}
}


@online{HenryWinkel.,
 author = {{Henry Winkel}},
 title = {Beurteilung der Open-DIS C++ Library zur Simulation von milit{\"a}rischen Szenarien},
 urldate = {2018-08-22},
 abstract = {},
 pagetotal = {30},
 file = {bfb76989-ff8d-49b0-9ba8-2042d597cae0:C\:\\Users\\Henry\\AppData\\Local\\Swiss Academic Software\\Citavi 6\\ProjectCache\\vqimfbgtu8lw1x2dqjm3socu4hwi75un41t0ijic31btxas\\Citavi Attachments\\bfb76989-ff8d-49b0-9ba8-2042d597cae0.pdf:pdf}
}


@online{Krau.,
 author = {Krau{\ss}, Peter},
 title = {Objektorientiertes Programmieren in C++},
 url = {\url{https://www.ldv.ei.tum.de/fileadmin/w00bfa/www/Vorlesungen/cpp/CPP-Skript.pdf}},
 urldate = {2018-08-09},
 abstract = {Projektkurs},
 pagetotal = {134},
 howpublished   = {\url{https://www.ldv.ei.tum.de/fileadmin/w00bfa/www/Vorlesungen/cpp/CPP-Skript.pdf}},
 file = {3b7a29c5-9027-49eb-b4ed-c4b412e09549:C\:\\Users\\Henry\\AppData\\Local\\Swiss Academic Software\\Citavi 6\\ProjectCache\\vqimfbgtu8lw1x2dqjm3socu4hwi75un41t0ijic31btxas\\Citavi Attachments\\3b7a29c5-9027-49eb-b4ed-c4b412e09549.pdf:pdf},
 note = {[Online, Stand 09. August 2018]}
}


@online{LucienZalcman.,
 author = {{Lucien Zalcman}},
 title = {What Distributed Interactive Simulation (DIS) Protocol Data Units (PDU) Should My Australian Defence Force Simulator Have?},
 url = {\url{https://www.researchgate.net/profile/Lucien_Zalcman/publication/27254323_What_Distributed_Interactive_Simulation_DIS_Protocol_Data_Units_PDU_should_My_Australian_Defence_Force_Simulator_have/links/58d9845ca6fdccca1c4bff5d/What-Distributed-Interactive-Simulation-DIS-Protocol-Data-Units-PDU-should-My-Australian-Defence-Force-Simulator-have.pdf}},
 abstract = {},
 howpublished   = {\url{https://www.researchgate.net/profile/Lucien_Zalcman/publication/27254323_What_Distributed_Interactive_Simulation_DIS_Protocol_Data_Units_PDU_should_My_Australian_Defence_Force_Simulator_have/links/58d9845ca6fdccca1c4bff5d/What-Distributed-Interactive-Simulation-DIS-Protocol-Data-Units-PDU-should-My-Australian-Defence-Force-Simulator-have.pdf}},
 note = {[Online, Stand 06. August 2018]}
}


@online{MarkMcCall.,
 author = {{Mark McCall}},
 editor = {{Simulation Interoperability Standards Organization}},
 title = {Distributed Interactive Simulation (DIS) 101},
 url = {\url{https://www.sisostds.org/DigitalLibrary.aspx?Command=Core_Download&EntryId=36474}},
 abstract = {},
 howpublished   = {\url{https://www.sisostds.org/DigitalLibrary.aspx?Command=Core_Download&EntryId=36474}},
 note = {[Online, Stand 06. August 2018]}
}


@online{Prof.Dr.AlfredIrber.,
 author = {{Prof. Dr. Alfred Irber}},
 title = {Objektorientierte Programmierung (OOP)},
 url = {\url{http://lsw.ee.hm.edu/~irber/oop/skriptum/skriptum_oop_cpp_ws12.pdf}},
 urldate = {2018-08-09},
 abstract = {},
 pagetotal = {301},
 howpublished   = {\url{http://lsw.ee.hm.edu/~irber/oop/skriptum/skriptum_oop_cpp_ws12.pdf}},
 file = {34099efb-0c1b-4730-9b9e-6a3cf5358ff0:C\:\\Users\\Henry\\AppData\\Local\\Swiss Academic Software\\Citavi 6\\ProjectCache\\vqimfbgtu8lw1x2dqjm3socu4hwi75un41t0ijic31btxas\\Citavi Attachments\\34099efb-0c1b-4730-9b9e-6a3cf5358ff0.pdf:pdf},
 note = {[Online, Stand 09. August 2018]}
}


@online{Prof.Dr.Ing.WolfgangSchroderPreikschat.,
 author = {{Prof. Dr.-Ing. Wolfgang Schr{\"o}der-Preikschat}},
 title = {Programmierung in C++},
 url = {\url{https://www4.cs.fau.de/Lehre/SS05/V_VS/Uebung/folien/2-A6.pdf}},
 urldate = {2018-08-08},
 abstract = {},
 pagetotal = {22},
 howpublished   = {\url{https://www4.cs.fau.de/Lehre/SS05/V_VS/Uebung/folien/2-A6.pdf}},
 file = {211ef823-689b-40b9-864e-73acbb53779e:C\:\\Users\\Henry\\AppData\\Local\\Swiss Academic Software\\Citavi 6\\ProjectCache\\vqimfbgtu8lw1x2dqjm3socu4hwi75un41t0ijic31btxas\\Citavi Attachments\\211ef823-689b-40b9-864e-73acbb53779e.pdf:pdf},
 note = {[Online, Stand 08. August 2018]}
}


@online{SebastianMeyer.,
 author = {{Sebastian Meyer}},
 title = {C vs. C++ Proseminar C - {\glqq}Grundlagen und Konzepte{\grqq}{\glq} 2013},
 url = {\url{https://wr.informatik.uni-hamburg.de/_media/teaching/sommersemester_2013/cgk-13-meyer-c-vs-c_-ausarbeitung.pdf}},
 urldate = {2018-08-08},
 abstract = {},
 pagetotal = {20},
 howpublished   = {\url{https://wr.informatik.uni-hamburg.de/_media/teaching/sommersemester_2013/cgk-13-meyer-c-vs-c_-ausarbeitung.pdf}},
 file = {771654cd-36fd-4a3e-9649-34bf9532e077:C\:\\Users\\Henry\\AppData\\Local\\Swiss Academic Software\\Citavi 6\\ProjectCache\\vqimfbgtu8lw1x2dqjm3socu4hwi75un41t0ijic31btxas\\Citavi Attachments\\771654cd-36fd-4a3e-9649-34bf9532e077.pdf:pdf},
 note = {[Online, Stand 08. August 2018]}
}


@article{Shanks.,
 author = {Shanks, Graham},
 title = {Enumeration and Bit Encoded Values for DIS},
 urldate = {2018-08-09},
 abstract = {},
 pagetotal = {539},
 file = {018f6b6b-dc0e-474c-a6ed-08318dfab51e:C\:\\Users\\Henry\\AppData\\Local\\Swiss Academic Software\\Citavi 6\\ProjectCache\\vqimfbgtu8lw1x2dqjm3socu4hwi75un41t0ijic31btxas\\Citavi Attachments\\018f6b6b-dc0e-474c-a6ed-08318dfab51e.pdf:pdf}
}


@online{SISOStandardsActivityCommitteeoftheIEEEComputerSociety.,
 author = {{SISO Standards Activity Committee of the IEEE Computer Society}},
 title = {IEEE Std 1278.1-2012, IEEE Standard for Distributed Interactive Simulation---Application Protocols},
 keywords = {data messages;data messages, Distributed Interactive Simulation, IEEE 1278.1, protocol data units (PDUs), simulation network;Distributed Interactive Simulation;IEEE 1278.1;protocol data units (PDUs);simulation network},
 urldate = {2018-08-09},
 abstract = {Data messages, known as Protocol Data Units (PDUs), that are exchanged on a network among simulation applications are defined. These PDUs are for interactions that take place within specified domains called protocol families, which include Entity Information/Interaction, Warfare, Logistics, Simulation Management, Distributed Emission Regeneration, Radio Communications, Entity Management, Minefield, Synthetic Environment, Simulation Management with Reliability, Information Operations, Live Entity Information/Interaction, and Non-Real-Time protocol.},
 pagetotal = {747},
 file = {2239677b-0879-405b-94f0-0718ca15bff2:C\:\\Users\\Henry\\AppData\\Local\\Swiss Academic Software\\Citavi 6\\ProjectCache\\vqimfbgtu8lw1x2dqjm3socu4hwi75un41t0ijic31btxas\\Citavi Attachments\\2239677b-0879-405b-94f0-0718ca15bff2.pdf:pdf}
}


@online{SISOStandardsActivityCommitteeoftheIEEEComputerSociety.6November2015,
 author = {{SISO Standards Activity Committee of the IEEE Computer Society}},
 year = {6 November 2015},
 title = {IEEE standard for Distributed Interactive Simulation (DIS)-- communication services and profiles},
 keywords = {communication service;communication service,DIS,distributed interactive simulation,IEEE 1278.2',multicast,protocol data units (PDUs),simulation network;Computer simulation;Digital computer simulation;DIS;Distributed Interactive Simulation;Distributed operating systems (Computers);Electronic data processing;IEEE 1278.2{\texttrademark};Interactive computer systems;Interactive multimedia;multicast;protocol data units (PDUs);simulation network;Standards},
 urldate = {2018-09-04},
 publisher = {{Institute of Electrical and Electronics Engineers}},
 abstract = {Abstract:  Communication services to support information exchange between simulation applications participating in the distributed interactive simulation (DIS) environment are defined. These communication services describe a connectionless information transfer t8hat supports real-time, as well as non-real-time, exchange. Several communication profiles specifying communication services are provided. Keywords: communication service, DIS, distributed interactive simulation, IEEE 1278.2, multicast, protocol data units (PDUs), simulation network},
 pagetotal = {140},
 location = {New York},
 organization = {{Institute of Electrical and Electronics Engineers} and {IEEE-SA Standards Board} and {IEEE Xplore (Online service)} and {IEEE Computer Society}},
 file = {cb2dc8be-6c55-434e-baf1-af3f65f0b748:C\:\\Users\\Henry\\AppData\\Local\\Swiss Academic Software\\Citavi 6\\ProjectCache\\vqimfbgtu8lw1x2dqjm3socu4hwi75un41t0ijic31btxas\\Citavi Attachments\\cb2dc8be-6c55-434e-baf1-af3f65f0b748.pdf:pdf},
 language = {eng}
}


@online{Wikipedia.,
 editor = {Wikipedia},
 title = {Distributed Interactive Simulation},
 url = {\url{https://de.wikipedia.org/w/index.php?oldid=175148570}},
 abstract = {},
 howpublished   = {\url{https://de.wikipedia.org/w/index.php?oldid=175148570}}
}


@online{Wikipedia.05.08.2018,
 editor = {Wikipedia},
 year = {05.08.2018},
 title = {Objektorientierte Programmierung},
 url = {\url{https://de.wikipedia.org/w/index.php?oldid=175002173}},
 urldate = {2018-08-09},
 abstract = {},
 howpublished   = {\url{https://de.wikipedia.org/w/index.php?oldid=175002173}},
 file = {https://de.wikipedia.org/wiki/Objektorientierte_Programmierung#Kritik},
 note = {[Online, Stand 09. August 2018]}
}


