 @misc{ wiki:rs232,
   author = "Wikipedia",
   title = "RS-232 --- Wikipedia{,} Die freie Enzyklop√§die",
   year = "2013",
   url = "\url{http://de.wikipedia.org/w/index.php?title=RS-232&oldid=124886306}",
   note = "[Online; Stand 28. November 2013]"
 }

